@article{wallace2022,
  title =	 {Stating structural realism: mathematics-first
                  approaches to physics and metaphysics},
  author =	 {Wallace, David},
  journal =	 {Philosophical Perspectives},
  volume =	 36,
  number =	 1,
  pages =	 {345--378},
  year =	 2022,
  publisher =	 {Wiley Online Library},
  doi =		 {10.1111/phpe.12172}
}