@book{hungerford,
  title =	 {Algebra},
  author =	 {Hungerford, Thomas},
  year =	 1990,
  publisher =	 {Springer},
}